@manual{cuda,
title= {CUDA},
url= {http://www.nvidia.com/object/cuda_home_new.html}
}

@manual{cudac,
title= {CUDA C Programming Guide},
url= {http://docs.nvidia.com/cuda/cuda-c-programming-guide/}
}

@ARTICLE{nwarticle,
  author = {Saul B. Needleman and Christian D. Wunsch},
  title = {A general method applicable to the search for similarities in the
	amino acid sequence of two proteins},
  journal = {Journal of Molecular Biology},
  year = {1970},
  volume = {48},
  pages = {443-453}
}

@book{blelloch,
author= {Guy E. Blelloch},
title= {Prefix Sums and Their Applications},
year={1990}
url= {http://www.cs.cmu.edu/~guyb/papers/Ble93.pdf}
}

@manual{scan,
author= {Mark Harris and Shubhabrata Sengupta and John D. Owens}
title= {Parallel Prefix Sum (Scan) with CUDA}
url= {http://http.developer.nvidia.com/GPUGems3/gpugems3_ch39.html}
}

@ARTICLE{swarticle,
  author = {Temple F. Smith and Michael S. Waterman},
  title = {Identification of Common Molecular Subsequences},
  journal = {Journal of Molecular Biology},
  year = {1981},
  volume = {147},
  pages = {195-197}
}

@ARTICLE{aluru,
  author = {Srinivas Aluru and Natsuhiko Futamura and Kishan Mehrotra},
  title = {Parallel biological sequence comparison using prefix computations},
  journal = {Journal of Parallel and Distributed Computing},
  year = {2002},
  volume = {63},
  pages = {264-272}
}

@book{gapopen,
    author = {Taylor and Munro},
    title =  {Multiple sequence threading: conditional gap placement},
    year =   {1997}
}

@UNPUBLISHED{rahlezavrsni,
  author = {Bruno Rahle},
  title = {SWIG - Poravnanje struktura korištenjem iterativne primjene Smith-Waterman algoritma},
  note = {Završni rad},
  month = {6},
  year = {2012},
  owner = {brahle}
}


@book{salign,
    author = {Mount},
    title =  {Bioinformatics: Sequence and Genome Analysis},
    year = 	 {2004}
}